<record><leader>00000cas a2200000 a 4500</leader><controlfield tag="001">22472261</controlfield><controlfield tag="008">901005c18769999iluwr ne      0    0eng c</controlfield><datafield ind1=" " ind2=" " tag="010"><subfield code="a">sn 90054634 </subfield></datafield><datafield ind1=" " ind2=" " tag="040"><subfield code="a">NVF</subfield><subfield code="b">eng</subfield><subfield code="c">NVF</subfield><subfield code="d">OCL</subfield><subfield code="d">NVF</subfield><subfield code="d">OCLCQ</subfield><subfield code="d">OCLCF</subfield><subfield code="d">OCLCO</subfield></datafield><datafield ind1="1" ind2=" " tag="029"><subfield code="a">AU@</subfield><subfield code="b">000020225137</subfield></datafield><datafield ind1=" " ind2=" " tag="042"><subfield code="a">pcc</subfield></datafield><datafield ind1=" " ind2=" " tag="043"><subfield code="a">n-us-il</subfield></datafield><datafield ind1="0" ind2=" " tag="130"><subfield code="a">Wenona index (Wenona, Ill. : 1876)</subfield></datafield><datafield ind1="1" ind2="4" tag="245"><subfield code="a">The Wenona index.</subfield></datafield><datafield ind1="1" ind2="3" tag="246"><subfield code="a">Wenona index and the Wenona gazette</subfield><subfield code="f">Oct. 13, 1887-July 19, 1888</subfield></datafield><datafield ind1="1" ind2="7" tag="246"><subfield code="a">Gazette-index</subfield><subfield code="f">Oct. 13, 1887-July 19, 1888</subfield></datafield><datafield ind1=" " ind2=" " tag="260"><subfield code="a">Wenona, Ill. :</subfield><subfield code="b">Cadet Taylor,</subfield><subfield code="c">1876-</subfield></datafield><datafield ind1=" " ind2=" " tag="300"><subfield code="a">v.</subfield></datafield><datafield ind1=" " ind2=" " tag="310"><subfield code="a">Weekly</subfield></datafield><datafield ind1="0" ind2=" " tag="362"><subfield code="a">Vol. 12, no. 1 (Feb. 10, 1876)-</subfield></datafield><datafield ind1=" " ind2=" " tag="500"><subfield code="a">Publishers: Cadet Taylor, Feb. 10, 1876-&lt;&gt; ; Walker &amp; Parker, Oct. 13, 1887-&lt;&gt;</subfield></datafield><datafield ind1=" " ind2=" " tag="580"><subfield code="a">Fair eds.: Wenona index (Wenona, Ill. : Daily), &lt;1877-1878&gt;, and: Daily index (Wenona, Ill.), &lt;1888-1890&gt;</subfield></datafield><datafield ind1=" " ind2="0" tag="651"><subfield code="a">Wenona (Ill.)</subfield><subfield code="v">Newspapers.</subfield></datafield><datafield ind1=" " ind2="7" tag="655"><subfield code="a">Newspapers.</subfield><subfield code="2">fast</subfield><subfield code="0">(OCoLC)fst01423814</subfield></datafield><datafield ind1=" " ind2="7" tag="651"><subfield code="a">Illinois</subfield><subfield code="z">Wenona.</subfield><subfield code="2">fast</subfield><subfield code="0">(OCoLC)fst01250402</subfield></datafield><datafield ind1=" " ind2=" " tag="752"><subfield code="a">United States</subfield><subfield code="b">Illinois</subfield><subfield code="c">Marshall</subfield><subfield code="d">Wenona.</subfield></datafield><datafield ind1="1" ind2=" " tag="775"><subfield code="t">Wenona index (Wenona, Ill. : Daily)</subfield><subfield code="w">(DLC)sn2003061810</subfield><subfield code="w">(OCoLC)52164025</subfield></datafield><datafield ind1="1" ind2=" " tag="775"><subfield code="t">Daily index (Wenona, Ill.)</subfield><subfield code="w">(DLC)sn2003061811</subfield><subfield code="w">(OCoLC)52164033</subfield></datafield><datafield ind1="0" ind2="0" tag="780"><subfield code="t">Wenona weekly index</subfield><subfield code="w">(DLC)sn 85034270</subfield><subfield code="w">(OCoLC)12622033</subfield></datafield><datafield ind1="0" ind2="5" tag="780"><subfield code="t">Wenona gazette</subfield></datafield></record>